@article{DM01,
  title={A fuzzy-logic-based decision-making approach for new product development},
  author={B{\"u}y{\"u}k{\"o}zkan, G{\"u}l{\c{c}}in and Feyz{\i}oglu, Orhan},
  journal={International journal of production economics},
  volume={90},
  number={1},
  pages={27--45},
  year={2004},
  publisher={Elsevier}
}

@article{DM02,
  title={Evidence-based decision making in public health},
  author={Brownson, Ross C and Gurney, James G and Land, Garland H},
  journal={Journal of Public Health Management and Practice},
  volume={5},
  pages={86--97},
  year={1999},
  publisher={Citeseer}
}

@article{DM03,
  title={Evidence-based management: concept cleanup time?},
  author={Briner, Rob B and Denyer, David and Rousseau, Denise M},
  journal={Academy of Management Perspectives},
  volume={23},
  number={4},
  pages={19--32},
  year={2009},
  publisher={Academy of Management Briarcliff Manor, NY}
}

@article{DM04,
  title={The essential impact of context on organizational behavior},
  author={Johns, Gary},
  journal={Academy of management review},
  volume={31},
  number={2},
  pages={386--408},
  year={2006},
  publisher={Academy of Management Briarcliff Manor, NY 10510}
}

@article{DM05,
  title={Does decision process matter? A study of strategic decision-making effectiveness},
  author={Dean Jr, James W and Sharfman, Mark P},
  journal={Academy of management journal},
  volume={39},
  number={2},
  pages={368--392},
  year={1996},
  publisher={Academy of Management Briarcliff Manor, NY 10510}
}

@article{DM06,
  title={Decision exploration lab: A visual analytics solution for decision management},
  author={Broeksema, Bertjan and Baudel, Thomas and Telea, Alex and Crisafulli, Paolo},
  journal={IEEE Transactions on Visualization and Computer Graphics},
  volume={19},
  number={12},
  pages={1972--1981},
  year={2013},
  publisher={IEEE}
}

@article{DM07,
  title={Toward a theory of evidence-based decision making},
  author={Baba, Vishwanath V and HakemZadeh, Farimah},
  journal={Management decision},
  volume={50},
  number={5},
  pages={832--867},
  year={2012},
  publisher={Emerald Group Publishing Limited}
}

@article{DM08,
  title={Make better decisions},
  author={Davenport, Thomas H},
  journal={Harvard business review},
  volume={87},
  number={11},
  pages={117--123},
  year={2009}
}

@misc{DM09,
  title={Qualitative Reasoning.},
  author={Forbus, Kenneth D},
  year={1997}
}

@article{DM10,
  title={A consensus model for multiperson decision making with different preference structures},
  author={Herrera-Viedma, Enrique and Herrera, Francisco and Chiclana, Francisco},
  journal={IEEE Transactions on Systems, Man, and Cybernetics-Part A: Systems and Humans},
  volume={32},
  number={3},
  pages={394--402},
  year={2002},
  publisher={IEEE}
}

@article{DM11,
  title={The use of Semantic Web technologies for decision support--a survey},
  author={Blomqvist, Eva},
  journal={Semantic Web},
  volume={5},
  number={3},
  pages={177--201},
  year={2014},
  publisher={IOS Press}
}

@incollection{DM12,
  title={The art and science of decision making: The analytic hierarchy process},
  author={Harker, Patrick T},
  booktitle={The Analytic Hierarchy Process},
  pages={3--36},
  year={1989},
  publisher={Springer}
}