@inproceedings{KM01,
  title={Factors impeding Wiki use in the enterprise: a case study},
  author={Holtzblatt, Lester J and Damianos, Laurie E and Weiss, Daniel},
  booktitle={CHI'10 Extended Abstracts on Human Factors in Computing Systems},
  pages={4661--4676},
  year={2010},
  organization={ACM}
}

@inproceedings{KM02,
  title={The Wiki: an environment to revolutionise employees' interaction with corporate knowledge},
  author={Hasan, Helen and Pfaff, Charmaine C},
  booktitle={Proceedings of the 18th Australia conference on Computer-Human Interaction: Design: Activities, Artefacts and Environments},
  pages={377--380},
  year={2006},
  organization={ACM}
}

@article{KM03,
  title={Knowledge management impacts on decision making process},
  author={Nicolas, Rolland},
  journal={Journal of knowledge management},
  volume={8},
  number={1},
  pages={20--31},
  year={2004},
  publisher={Emerald Group Publishing Limited}
}

@article{KM04,
  title={A formal knowledge management ontology: Conduct, activities, resources, and influences},
  author={Holsapple, Clyde W and Joshi, Kshiti D},
  journal={Journal of the American Society for Information Science and Technology},
  volume={55},
  number={7},
  pages={593--612},
  year={2004},
  publisher={Wiley Online Library}
}

@incollection{KM05,
  title={The role of competency questions in enterprise engineering},
  author={Gr{\"u}ninger, Michael and Fox, Mark S},
  booktitle={Benchmarkingâ€”Theory and practice},
  pages={22--31},
  year={1995},
  publisher={Springer}
}

@incollection{KM06,
  title={Knowledge patterns},
  author={Clark, Peter and Thompson, John and Porter, Bruce},
  booktitle={Handbook on ontologies},
  pages={191--207},
  year={2004},
  publisher={Springer}
}