@inproceedings{CON01,
  title={Semantics and validation of recursive {SHACL}},
  author={Corman, Julien and Reutter, Juan L and Savkovi{\'c}, Ognjen},
  booktitle={International Semantic Web Conference},
  pages={318--336},
  year={2018},
  organization={Springer}
}