@mastersthesis{THE06,
  title={Bedrijfsregels in verschillende vormen. Een vergelijking op toepasbaarheid tussen {SWRL} en Relatie algebra bij wetteksten.},
  author={Bos, Pim},
  year={2013},
  school={{O}pen {U}niversiteit {N}ederland}
}

@mastersthesis{THE07,
  title={De implementatie van {H}ohfeldian legal concepts, ambigu{\"\i}teit en traceerbaarheid met Semantic Web technologie{\"e}n},
  author={Slootweg, Pieter},
  year={2016},
  school={{O}pen {U}niversiteit {N}ederland}
}

@mastersthesis{THE08,
  title={Semantic Web Content Ontology Design Patterns for {A}-{H}ohfeld Legal Relations},
  author={de Klerk, S.C.M.},
  year={2018},
  school={{O}pen {U}niversiteit {N}ederland}
}