@article{ME01,
  title={Action research is similar to design science},
  author={J{\"a}rvinen, Pertti},
  journal={Quality \& Quantity},
  volume={41},
  number={1},
  pages={37--54},
  year={2007},
  publisher={Springer}
}

@article{ME02,
  title={Choosing appropriate information systems research methodologies},
  author={Galliers, Robert D and Land, Frank F},
  journal={Communications of the ACM},
  volume={30},
  number={11},
  pages={901--902},
  year={1987},
  publisher={ACM}
}

@article{ME03,
  title={Descriptive and interpretive approaches to qualitative research},
  author={Elliott, Robert and Timulak, Ladislav},
  journal={A handbook of research methods for clinical and health psychology},
  volume={1},
  number={7},
  pages={147--159},
  year={2005}
}

@incollection{ME04,
  title={Qualitative research in information systems: time to be subjective?},
  author={Garcia, Lucia and Quek, Francis},
  booktitle={Information systems and qualitative research},
  pages={444--465},
  year={1997},
  publisher={Springer}
}

@article{ME05,
  title={Cary Nelson Paula A. Treichler},
  author={Grossberg, Lawrence},
  journal={Cultural Studies. New York and London: Routledge},
  year={1992}
}

@article{ME06,
  title={A phenomenological research design illustrated},
  author={Groenewald, Thomas},
  journal={International journal of qualitative methods},
  volume={3},
  number={1},
  pages={42--55},
  year={2004},
  publisher={Sage Publications Sage CA: Los Angeles, CA}
}

@article{ME07,
  title={A three cycle view of design science research},
  author={Hevner, Alan R},
  journal={Scandinavian journal of information systems},
  volume={19},
  number={2},
  pages={4},
  year={2007}
}

@article{ME08,
  title={The {P}rot{\'e}g{\'e} project: a look back and a look forward},
  author={Musen, Mark A and others},
  journal={AI matters},
  volume={1},
  number={4},
  pages={4},
  year={2015},
  publisher={NIH Public Access}
}

@book{ME09,
  title={Research methods for business students},
  author={Thornhill, Adrian and Saunders, Mark and Lewis, Philip},
  year={2009},
  publisher={Prentice Hall: London}
}