@book{BK01,
  title={Software Supply Industry},
  author={Messerschmitt, David G and Szyperski, Clemens},
  year={2003},
  publisher={{MITP}}
}

@book{BK03,
  title={A Semantic Wiki-based Platform for {IT} Service Management},
  author={Kleiner, Frank},
  year={2015},
  publisher={{KIT} Scientific Publishing}
}

@book{BK03,
  title={A pattern language: towns, buildings, construction},
  author={Alexander, Christopher},
  year={1977},
  publisher={Oxford university press}
}

@book{BK04,
  title={Requirements engineering: From system goals to {UML} models to software},
  author={Van Lamsweerde, Axel},
  volume={10},
  year={2009},
  publisher={Chichester, {UK}: John Wiley \& Sons}
}

@book{BK05,
  title={The lean startup: How today's entrepreneurs use continuous innovation to create radically successful businesses},
  author={Ries, Eric},
  year={2011},
  publisher={Crown Books}
}

@book{BK06,
  title={Methoden en technieken van onderzoek. 7de dr},
  author={Saunders, M and Lewis, P and Thornhill, A},
  year={2015},
  publisher={Amsterdam: Pearson}
}

@book{BK07,
  title={The Build Trap},
  author={Melissa Perri},
  year={2018},
  publisher={O'Reilly}
}