@incollection{ODP01,
  title={The distributed ontology, modeling and specification language--{DOL}},
  author={Mossakowski, Till and Codescu, Mihai and Neuhaus, Fabian and Kutz, Oliver},
  booktitle={The Road to Universal Logic},
  pages={489--520},
  year={2015},
  publisher={Springer}
}

@article{ODP02,
  title={Generic Ontology Design Patterns at Work},
  author={Krieg-Br{\"u}ckner, Bernd and Mossakowski, Till and Neuhaus, Fabian},
  journal={arXiv preprint arXiv:1906.08724},
  year={2019}
}

@inproceedings{ODP03,
  title={Generic Ontologies and Generic Ontology Design Patterns.},
  author={Krieg-Br{\"u}ckner, Bernd and Mossakowski, Till},
  booktitle={WOP@ ISWC},
  year={2017}
}

@article{ODP04,
  title={Extensions of generic {DOL} for generic ontology design patterns},
  author={Codescu, Mihai and Krieg-Br{\"u}ckner, Bernd and Mossakowski, Till},
  journal={arXiv preprint arXiv:1906.06275},
  year={2019}
}

% SM16
@inproceedings{ODP05, 
  title={Ontology design patterns for semantic web content},
  author={Gangemi, Aldo},
  booktitle={International semantic web conference},
  pages={262--276},
  year={2005},
  organization={Springer}
}
% SM17
@inproceedings{ODP06,
  title={Ontological Design Patterns in Distributed Frame Hierarchy},
  author={Soshnikov, Dmitri},
  booktitle={Proceedings of the 5th International Workshop on Computer Science and Information Technologies, {U}fa, {R}ussia},
  year={2003},
  organization={Citeseer}
}
% SM18
@inproceedings{ODP07,
  title={Design patterns for semantic web ontologies: Motivation and discussion},
  author={Svatek, Vojtech},
  booktitle={Proceedings of the 7th Conference on Business Information Systems, Poznan},
  year={2004}
}

@article{ODP08,
  title={Deducing Qualitative Capabilities with Generic Ontology Design Patterns},
  author={Krieg-Br{\"u}ckner, Bernd and Codescu, Mihai},
  year={2019}
}

@inproceedings{ODP09,
  title={Using Ontology Design Patterns To Define {SHACL} Shapes.},
  author={Pandit, Harshvardhan J and O'Sullivan, Declan and Lewis, Dave},
  booktitle={WOP@ ISWC},
  pages={67--71},
  year={2018}
}