@article{SO01,
  title={A staged model for the software life cycle},
  author={Rajlich, V{\'a}clav T and Bennett, Keith H},
  journal={Computer},
  volume={33},
  number={7},
  pages={66--71},
  year={2000},
  publisher={{IEEE}}
}

@article{SO02,
  title={{RACI} Scrum Model For Controlling of Change User Requirement In Software Projects},
  author={Elhady, Aymen S and Abushama, Hisham M},
  journal={International Journal of Application or Innovation in Engineering \& Management ({IJAIEM})},
  volume={4},
  number={1},
  pages={214--220},
  year={2015}
}

@incollection{SO03,
  title={Reasoning about alternative requirements options},
  author={van Lamsweerde, Axel},
  booktitle={Conceptual Modeling: Foundations and Applications},
  pages={380--397},
  year={2009},
  publisher={Springer}
}

@incollection{SO04,
  title={Using real options to manage technical debt in requirements engineering},
  author={Abad, Zahra Shakeri Hossein and Ruhe, Guenther},
  booktitle={2015 {IEEE} 23rd International Requirements Engineering Conference (RE)},
  pages={230--235},
  year={2015},
  organization={{IEEE}}
}

@article{SO05,
  title={Real options:: Managing strategic investment in an uncertain world},
  author={Amram, Martha and Kulatilaka, Nalin and others},
  journal={OUP Catalogue},
  year={1998},
  publisher={Oxford University Press}
}

@article{SO06,
  title={Representing and using nonfunctional requirements: A process-oriented approach},
  author={Mylopoulos, John and Chung, Lawrence and Nixon, Brian},
  journal={{IEEE} Transactions on software engineering},
  volume={18},
  number={6},
  pages={483--497},
  year={1992},
  publisher={{IEEE}}
}

@article{SO07,
  title={The evolution of software pricing: from box licenses to application service provider models},
  author={Bontis, Nick and Chung, Honsan},
  journal={Internet Research},
  volume={10},
  number={3},
  pages={246--255},
  year={2000},
  publisher={{MCB} {UP} {L}td}
}

@article{SO08,
  title={Pricing strategies of software vendors},
  author={Lehmann, Sonja and Buxmann, Peter},
  journal={Business \& Information Systems Engineering},
  volume={1},
  number={6},
  pages={452},
  year={2009},
  publisher={Springer}
}

@article{SO09,
  title={A business model for commercial open source software: A systematic literature review},
  author={Shahrivar, Shahrokh and Elahi, Shaban and Hassanzadeh, Alireza and Montazer, Gholamali},
  journal={Information and Software Technology},
  volume={103},
  pages={202--214},
  year={2018},
  publisher={Elsevier}
}

@article{SO10,
  title={Understanding business model in the Internet of Things industry},
  author={Metallo, Concetta and Agrifoglio, Rocco and Schiavone, Francesco and Mueller, Jens},
  journal={Technological Forecasting and Social Change},
  volume={136},
  pages={298--306},
  year={2018},
  publisher={Elsevier}
}

@inproceedings{SO11,
  title={Value-based pricing for new software products: strategy insights for developers},
  author={Harmon, Robert and Raffo, David and Faulk, Stuart},
  booktitle={the Proceedings of the Portland International Conference on Management of Engineering and Technology},
  year={2005}
}

@inproceedings{SO12,
  title={Goal-oriented requirements engineering: An overview of the current research},
  author={Lapouchnian, Alexei},
  journal={University of {T}oronto},
  volume={32},
  year={2005}
}

@article{SO13,
  title={Systems competition and network effects},
  author={Katz, Michael L and Shapiro, Carl},
  journal={Journal of economic perspectives},
  volume={8},
  number={2},
  pages={93--115},
  year={1994}
}

@incollection{SO14,
  title={Market-driven requirements engineering for software products},
  author={Regnell, Bj{\"o}rn and Brinkkemper, Sjaak},
  booktitle={Engineering and managing software requirements},
  pages={287--308},
  year={2005},
  publisher={Springer}
}

@inproceedings{SO15,
  title={An empirical investigation on effort estimation in agile global software development},
  author={Britto, Ricardo and Mendes, Emilia and B{\"o}rstler, J{\"u}rgen},
  booktitle={2015 IEEE 10th international conference on global software engineering},
  pages={38--45},
  year={2015},
  organization={IEEE}
}

@article{SO17,
  title={Software design patterns for information visualization},
  author={Heer, Jeffrey and Agrawala, Maneesh},
  journal={IEEE transactions on visualization and computer graphics},
  volume={12},
  number={5},
  pages={853--860},
  year={2006},
  publisher={IEEE}
}