@misc{OTH01,
author = {Dr. Lloyd Rutledge (MST), Dr. Litska Strikwerda (CenR), Prof. Dr. Stef Joosten (MST)},
title = {Legal Rules: Safe Cities 2019 proposal for “Rule-based design patterns of legal logic for generating user interfaces supporting argumentation and enforcement”},
year = {2019},
}

@misc{OTH02,
author = {{Mind the Product Training}},
title = {Essentials 102, Increasing your Strategic Impact as a Product Manager},
year = {2018},
}

@mastersthesis{OTH06,
  title={Op zoek naar een adequaat zoekproces; Vergelijking van een faceted en semantische zoekvariant in een academisch zoekdomein voor een exploratieve werktaak},
  author={Oostenrijk, Rineke},
  year={2015},
  school={Open Universiteit Nederland}
}

@misc{OTH09,
  title={Which chart or graph is right for you?},
  author={Hardin, Maila and Hom, Daniel and Perez, Ross and Williams, Lori},
  journal={Tell Impactful Stories with Data. Tableau Software},
  year={2012}
}