@online{WEB01,
author = {{Mind the Product}},
title = {Mind The Product},
year = {2019},
url = {https://www.mindtheproduct.com/category/data-driven-product-management/},
OPTurldate = {2019-05-03},
}

@online{WEB02,
author = {{W3C}},
title = {Inference},
year = {2019},
url = {https://www.w3.org/standards/semanticweb/inference},
OPTurldate = {2019-05-10},
}

@online{WEB03,
author = {{W3C}},
title = {Ontology Engineering and Patterns Task Force},
year = {2006},
url = {https://www.w3.org/2001/sw/BestPractices/OEP/},
OPTurldate = {2019-05-31},
}

@online{WEB04,
author={Welty, Chris and McGuinness, Deborah L and Smith, Michael K},
title = {{OWL} Web Ontology Language Guide},
year = {2004},
url = {https://www.w3.org/TR/owl-guide/},
OPTurldate = {2019-06-01},
}

@online{WEB05,
author={Knublauch, Holger and Kontokostas, Dimitris},
title = {Shapes Constraint Language ({SHACL})},
year = {2017},
url = {https://www.w3.org/TR/shacl/},
OPTurldate = {2019-06-13},
}

@online{WEB06,
author={Brickley, Dan and Guha, Ramanathan V and McBride, Brian},
title = {{RDF} Schema 1.1},
year = {2015},
url = {https://www.w3.org/TR/rdf-schema/},
OPTurldate = {2019-06-15},
}

@online{WEB07,
author={Cyganiak, Richard and Wood, David and Lanthaler, Markus and Klyne, Graham and Carroll, Jeremy J and McBride, Brian},
title = {{RDF} 1.1 Concepts and Abstract Syntax},
year = {2014},
url = {https://www.w3.org/TR/rdf11-concepts/},
OPTurldate = {2019-07-01},
}

@online{WEB08,
author={Prudâ€™Hommeaux, Eric and Seaborne, Andy and others},
title = {{SPARQL} Query Language for {RDF}},
year = {2008},
url = {https://www.w3.org/TR/rdf-sparql-query/},
OPTurldate = {2019-07-01},
}

@online{WEB10,
author = {Eva Blomqvis},
title = {Ontology Design Pattern types},
year = {2010},
url = {http://ontologydesignpatterns.org/wiki/OPTypes},
OPTurldate = {2019-07-01},
}


@online{WEB11,
author = {Todd Lombardo, C.},
title = {Roadmaps are Dead! Long Live Roadmaps!},
year = {2018},
url = {https://www.mindtheproduct.com/2018/08/roadmaps-are-dead-long-live-roadmaps-by-c-todd-lombardo/},
OPTurldate = {2019-07-15},
}

@online{WEB12,
  author={Bechhofer, Sean and Van Harmelen, Frank and Hendler, Jim and Horrocks, Ian and McGuinness, Deborah L and Patel-Schneider, Peter F and Stein, Lynn Andrea and others},
title = {{OWL} Web Ontology Language Reference},
year = {2004},
url = {https://www.w3.org/TR/owl-ref/},
OPTurldate = {2019-10-11},
}

@online{WEB12,
  author={Carroll, Jeremy J and De Roo, Jos},
title = {{OWL} Web Ontology Language Test Cases},
year = {2004},
url = {https://www.w3.org/TR/owl-test/},
OPTurldate = {2019-10-12},
}

@online{WEB13,
author={Knublauch, Holger},
title = {{SPIN} - Modeling Vocabulary},
year = {2011},
url = {https://www.w3.org/Submission/spin-modeling/},
OPTurldate = {2019-11-07},
}

@online{WEB14,
author = {{Holger Knublauch}},
title = {From {SPIN} to {SHACL}},
year = {2017},
url = {https://spinrdf.org/spin-shacl.html},
OPTurldate = {2019-11-07},
}

@online{WEB15,
author = {Melissa Perri},
title = {What is Good Product Strategy?},
year = {2016},
url = {https://melissaperri.com/blog/2016/07/14/what-is-good-product-strategy},
OPTurldate = {2019-12-06},
}

@online{WEB16,
author={Noy, Natasha and Rector, Alan},
title = {Defining N-ary Relations on the Semantic Web},
year = {2006},
url = {https://www.w3.org/TR/swbp-n-aryRelations},
OPTurldate = {2020-02-06},
}




