@article{SM01,
title = "Rule Style: Patterns of and Extensions to Semantic Browser Style Specification for Business Rule Violations",
author = "Erik Bouwer",
year = "2019",
language = "English"
}

@inproceedings{SM02,
  title={Fresnel: A browser-independent presentation vocabulary for {RDF}},
  author={Pietriga, Emmanuel and Bizer, Christian and Karger, David and Lee, Ryan},
  booktitle={International Semantic Web Conference},
  pages={158--171},
  year={2006},
  organization={Springer}
}

@incollection{SM03,
  title={From ontology to semantic wiki--designing annotation and browse interfaces for given ontologies},
  author={Rutledge, Lloyd and Brenninkmeijer, Thomas and Zwanenberg, Tim and van de Heijning, Joop and Mekkering, Alex and Theunissen, JN and Bos, Rik},
  booktitle={Semantic Web Collaborative Spaces},
  pages={53--72},
  year={2014},
  publisher={Springer}
}

@article{SM04,
  title={Ontology learning for the semantic web},
  author={Maedche, Alexander and Staab, Steffen},
  journal={IEEE Intelligent systems},
  volume={16},
  number={2},
  pages={72--79},
  year={2001},
  publisher={IEEE}
}

@inproceedings{SM05,
  title={IkeWiki: A semantic wiki for collaborative knowledge management},
  author={Schaffert, Sebastian},
  booktitle={15th IEEE International Workshops on Enabling Technologies: Infrastructure for Collaborative Enterprises (WETICE'06)},
  pages={388--396},
  year={2006},
  organization={IEEE}
}

@inproceedings{SM06,
  title={Semantic wiki representations for building an enterprise knowledge base},
  author={Auer, S{\"o}ren and Jungmann, Berit and Sch{\"o}nefeld, Frank},
  booktitle={Reasoning Web International Summer School},
  pages={330--333},
  year={2007},
  organization={Springer}
}

@inproceedings{SM07,
  title={Fuzzy {OWL}: Uncertainty and the Semantic Web.},
  author={Stoilos, Giorgos and Stamou, Giorgos B and Tzouvaras, Vassilis and Pan, Jeff Z and Horrocks, Ian},
  booktitle={OWLED},
  year={2005}
}

@article{SM08,
  title={Ontology-based situation awareness},
  author={Kokar, Mieczyslaw M and Matheus, Christopher J and Baclawski, Kenneth},
  journal={Information fusion},
  volume={10},
  number={1},
  pages={83--98},
  year={2009},
  publisher={Elsevier}
}


@article{SM09,
  title={Semantic web of things: an analysis of the application semantics for the iot moving towards the iot convergence},
  author={Jara, Antonio J and Olivieri, Alex C and Bocchi, Yann and Jung, Markus and Kastner, Wolfgang and Skarmeta, Antonio F},
  journal={International Journal of Web and Grid Services},
  volume={10},
  number={2-3},
  pages={244--272},
  year={2014},
  publisher={Inderscience Publishers Ltd}
}

@inproceedings{SM10,
  title={Fresnel: A browser-independent presentation vocabulary for {RDF}},
  author={Pietriga, Emmanuel and Bizer, Christian and Karger, David and Lee, Ryan},
  booktitle={International Semantic Web Conference},
  pages={158--171},
  year={2006},
  organization={Springer}
}

@article{SM11,
  title={Toward a new generation of semantic web applications},
  author={d'Aquin, Mathieu and Motta, Enrico and Sabou, Marta and Angeletou, Sofia and Gridinoc, Laurian and Lopez, Vanessa and Guidi, Davide},
  journal={IEEE Intelligent Systems},
  volume={23},
  number={3},
  pages={20--28},
  year={2008},
  publisher={IEEE}
}

@article{SM12,
  title={Applicability assessment of Semantic Web technologies},
  author={Janev, Valentina and Vrane{\v{s}}, Sanja},
  journal={Information Processing \& Management},
  volume={47},
  number={4},
  pages={507--517},
  year={2011},
  publisher={Elsevier}
}

@article{SM13,
  title={The semantic web revisited},
  author={Shadbolt, Nigel and Berners-Lee, Tim and Hall, Wendy},
  journal={IEEE intelligent systems},
  volume={21},
  number={3},
  pages={96--101},
  year={2006},
  publisher={IEEE}
}

@misc{SM14,
  title={Ontology development 101: A guide to creating your first ontology},
  author={Noy, Natalya F and McGuinness, Deborah L and others},
  year={2001},
  publisher={Stanford knowledge systems laboratory technical report KSL-01-05 and~…}
}

@article{SM15,
  title={Towards ontology engineering},
  author={Mizoguchi, Riichiro and Ikeda, Mitsuru},
  journal={Journal-Japanese Society for Artificial Intelligence},
  volume={13},
  pages={9--10},
  year={1998},
  publisher={JAPANESE SOC ARTIFICIAL INTELL}
}

@article{SM19,
  title={Understanding ontological engineering},
  author={Devedzi{\'c}, Vladan},
  journal={Communications of the ACM},
  volume={45},
  number={4},
  pages={136--144},
  year={2002},
  publisher={ACM}
}

@article{SM20,
  title={Using explicit ontologies in {KBS} development},
  author={Van Heijst, Gertjan and Schreiber, A Th and Wielinga, Bob J},
  journal={International journal of human-computer studies},
  volume={46},
  number={2-3},
  pages={183--292},
  year={1997},
  publisher={Elsevier}
}

@article{SM21,
  title={Cautiously approaching {SWRL}},
  author={Parsia, Bijan and Sirin, Evren and Grau, Bernardo Cuenca and Ruckhaus, Edna and Hewlett, Daniel},
  journal={preprint submitted to Elsevier Science},
  pages={3},
  year={2005}
}

@inproceedings{SM22,
  title={Semantics and validation of shapes schemas for {RDF}},
  author={Boneva, Iovka and Gayo, Jose E Labra and Prud’hommeaux, Eric G},
  booktitle={International Semantic Web Conference},
  pages={104--120},
  year={2017},
  organization={Springer}
}

@article{SM23,
  title={Towards Improving the Quality of Knowledge Graphs with Data-driven Ontology Patterns and {SHACL}},
  author={Spahiu, Blerina and Maurino, Andrea and Palmonari, Matteo},
  journal={Emerging Topics in Semantic Technologies: ISWC 2018 Satellite Events},
  volume={36},
  pages={103},
  year={2018},
  publisher={IOS Press}
}

@article{SM24,
  title={Wonderweb deliverable D17: the wonderweb library of foundational ontologies},
  author={Masolo, C and Gangemi, A and Guarino, N and Oltramari, A and Schneider, L},
  journal={Preliminary Raport},
  year={2002}
}

@inproceedings{SM25,
  title={{SHACL4P}: {SHACL} constraints validation within {P}rot{\'e}g{\'e} ontology editor},
  author={Ekaputra, Fajar J and Lin, Xiashuo},
  booktitle={2016 International Conference on Data and Software Engineering (ICoDSE)},
  pages={1--6},
  year={2016},
  organization={IEEE}
}

@article{SM26,
  title={Considerations regarding Ontology Design Patterns.},
  author={Blomqvist, Eva and Hitzler, Pascal and Janowicz, Krzysztof and Krisnadhi, Adila and Narock, Tom and Solanki, Monika},
  journal={Semantic Web},
  volume={7},
  number={1},
  pages={1--7},
  year={2016}
}

@incollection{SM27,
  title={Ontology design patterns},
  author={Gangemi, Aldo and Presutti, Valentina},
  booktitle={Handbook on ontologies},
  pages={221--243},
  year={2009},
  publisher={Springer}
}

@incollection{SM28,
  title={The NeOn methodology for ontology engineering},
  author={Su{\'a}rez-Figueroa, Mari Carmen and G{\'o}mez-P{\'e}rez, Asunci{\'o}n and Fern{\'a}ndez-L{\'o}pez, Mariano},
  booktitle={Ontology engineering in a networked world},
  pages={9--34},
  year={2012},
  publisher={Springer}
}

@inproceedings{SM29,
  title={An evaluation method for ontology complexity analysis in ontology evolution},
  author={Zhang, Dalu and Ye, Chuan and Yang, Zhe},
  booktitle={International Conference on Knowledge Engineering and Knowledge Management},
  pages={214--221},
  year={2006},
  organization={Springer}
}

@article{SM30,
  title={Quality of Content Ontology Design Patterns},
  author={Hammar, Karl},
  year={2016},
  publisher={IOS Press}
}

@article{SM31,
  title={Entity naming in semantic web ontologies: Design patterns and empirical observations},
  year={2010},
  author={Sv{\'a}tek, Vojtech and {\v{S}}v{\'a}b-Zamazal, Ondrej}
}

@article{SM32,
  title={Pellet: A practical owl-dl reasoner},
  author={Sirin, Evren and Parsia, Bijan and Grau, Bernardo Cuenca and Kalyanpur, Aditya and Katz, Yarden},
  journal={Web Semantics: science, services and agents on the World Wide Web},
  volume={5},
  number={2},
  pages={51--53},
  year={2007},
  publisher={Elsevier}
}

@inproceedings{SM33,
  title={Consistent evolution of {OWL} ontologies},
  author={Haase, Peter and Stojanovic, Ljiljana},
  booktitle={European Semantic Web Conference},
  pages={182--197},
  year={2005},
  organization={Springer}
}

@article{SM34,
  title={SPIN-overview and motivation},
  author={Knublauch, Holger and Hendler, James A and Idehen, Kingsley},
  journal={W3C Member Submission},
  volume={22},
  pages={W3C},
  year={2011}
}

@article{SM35,
  title={SWRL: A semantic web rule language combining OWL and RuleML},
  author={Horrocks, Ian and Patel-Schneider, Peter F and Boley, Harold and Tabet, Said and Grosof, Benjamin and Dean, Mike and others},
  journal={W3C Member submission},
  volume={21},
  number={79},
  pages={1--31},
  year={2004}
}
