@article{SMW01,
  title={IkeWiki: A semantic wiki for collaborative knowledge management},
  author={Schaffert, Sebastian},
  booktitle={15th {IEEE} International Workshops on Enabling Technologies: Infrastructure for Collaborative Enterprises ({WETICE}'06)},
  pages={388--396},
  year={2006},
  organization={{IEEE}}
}

@article{SMW02,
  title={Wiki based requirements documentation of generic software products},
  author={Silveira, Clara and Faria, Jo{\~a}o Pascoal and Aguiar, Ademar and Vidal, Raul},
  booktitle={Proceedings of the 10th Australian Workshop on Requirements Engineering ({AWRE})},
  pages={42--51},
  year={2005}
}

@article{SMW03,
  title={Building a semantic wiki},
  author={Souzis, Adam},
  journal={{IEEE} Intelligent Systems},
  volume={20},
  number={5},
  pages={87--91},
  year={2005},
  publisher={{IEEE}}
}