@article{PM01,
  title={A reference framework for software product management},
  author={Weerd, I and Brinkkemper, Sjaak and Nieuwenhuis, Richard and Versendaal, JM and Bijlsma, A},
  journal={Technical report UU-CS},
  volume={2006},
  number={014},
  year={2006},
  publisher={University of Utrecht, department of information and computing sciences}
}

@article{PM02,
  title={Core software product management activities},
  author={Maglyas, Andrey and Nikula, Uolevi and Smolander, Kari and Fricker, Samuel A},
  journal={Journal of Advances in Management Research},
  volume={14},
  number={1},
  pages={23--45},
  year={2017},
  publisher={Emerald Publishing Limited}
}

@article{PM03,
  title={The impacts of software product management},
  author={Ebert, Christof},
  journal={Journal of systems and software},
  volume={80},
  number={6},
  pages={850--861},
  year={2007},
  publisher={Elsevier}
}

@article{PM04,
  title={Decision-making in software product management: Identifying research directions from practice},
  author={Saltan, Andrey and Jansen, Slinger and Smolander, Kari},
  booktitle={Proceedings of the International Workshop on Software-intensive Business: Start-ups, Ecosystems and Platforms},
  volume={2018},
  pages={164--176},
  year={2018}
}

@inproceedings{PM05,
  title={A framework for process improvement in software product management},
  author={Bekkers, Willem and van de Weerd, Inge and Spruit, Marco and Brinkkemper, Sjaak},
  booktitle={European Conference on Software Process Improvement},
  pages={1--12},
  year={2010},
  organization={Springer}
}

@article{PM05,
  title={Software product management--An industry evaluation},
  author={Ebert, Christof and Brinkkemper, Sjaak},
  journal={Journal of Systems and Software},
  volume={95},
  pages={10--18},
  year={2014},
  publisher={Elsevier}
}

@article{PM06,
  title={Improving software product management: a knowledge management approach},
  author={Vlaanderen, Kevin and Van de Weerd, Inge and Brinkkemper, Sjaak and others},
  journal={IJBIS},
  volume={12},
  number={1},
  pages={3--22},
  year={2013}
}

@article{PM07,
  title={The impacts of software product management},
  author={Ebert, Christof},
  journal={Journal of systems and software},
  volume={80},
  number={6},
  pages={850--861},
  year={2007},
  publisher={Elsevier}
}

@inproceedings{PM08,
  title={A Formalism of Ontology to Support a Software Maintenance Knowledge-based System.},
  author={April, Alain and Desharnais, Jean-Marc and Dumke, Reiner R},
  booktitle={SEKE},
  pages={331--336},
  year={2006}
}

@inproceedings{PM09,
  title={What do we know about software product management?-a systematic mapping study},
  author={Maglyas, Andrey and Nikula, Uolevi and Smolander, Kari},
  booktitle={2011 Fifth International Workshop on Software Product Management (IWSPM)},
  pages={26--35},
  year={2011},
  organization={IEEE}
}

@article{PM10,
  title={Developing a domain ontology for software product management},
  author={Botzenhardt, Achim and Maedche, Alexander and Wiesner, Juri},
  booktitle={2011 Fifth International Workshop on Software Product Management (IWSPM)},
  pages={7--16},
  year={2011},
  organization={IEEE}
}

@inproceedings{PM11,
  title={The lack of sharing of customer data in large software organizations: challenges and implications},
  author={Fabijan, Aleksander and Olsson, Helena Holmstr{\"o}m and Bosch, Jan},
  booktitle={International Conference on Agile Software Development},
  pages={39--52},
  year={2016},
  organization={Springer}
}

@incollection{PM12,
  title={Software release management},
  author={Van Der Hoek, Andre and Hall, Richard S and Heimbigner, Dennis and Wolf, Alexander L},
  booktitle={Software Engineering—ESEC/FSE'97},
  pages={159--175},
  year={1997},
  publisher={Springer}
}

@article{PM13,
  title={A linguistic-engineering approach to large-scale requirements management},
  author={Natt och Dag, Johan and Regnell, Bj{\"o}rn and Gervasi, Vincenzo and Brinkkemper, Sjaak},
  journal={IEEE software},
  volume={22},
  number={1},
  pages={32--39},
  year={2005},
  publisher={IEEE}
}

@article{PM14,
  title={An ontology-based approach for Product Lifecycle Management},
  author={Matsokis, Aristeidis and Kiritsis, Dimitris},
  journal={Computers in industry},
  volume={61},
  number={8},
  pages={787--797},
  year={2010},
  publisher={Elsevier}
}

@article{PM15,
  title={Product lifecycle management: closing the knowledge loops},
  author={Ameri, Farhad and Dutta, Deba},
  journal={Computer-Aided Design and Applications},
  volume={2},
  number={5},
  pages={577--590},
  year={2005},
  publisher={Taylor \& Francis}
}

@article{PM16,
  title={Lean solutions to software product management problems},
  author={Maglyas, Andrey and Nikula, Uolevi and Smolander, Kari},
  journal={IEEE software},
  volume={29},
  number={5},
  pages={40--46},
  year={2012},
  publisher={IEEE}
}

@incollection{PM17,
  title={Requirements prioritization},
  author={Berander, Patrik and Andrews, Anneliese},
  booktitle={Engineering and managing software requirements},
  pages={69--94},
  year={2005},
  publisher={Springer}
}

@article{PM18,
  title={Productive behaviors of global business teams},
  author={Saphiere, Dianne M Hofner},
  journal={International Journal of Intercultural Relations},
  volume={20},
  number={2},
  pages={227--259},
  year={1996},
  publisher={Elsevier}
}

@article{PM19,
  title={Building an effective global business team},
  author={Govindarajan, Vijay and Gupta, Anil K},
  journal={MIT Sloan Management Review},
  volume={42},
  number={4},
  pages={63},
  year={2001},
  publisher={Massachusetts Institute of Technology, Cambridge, MA}
}

@inproceedings{PM20,
  title={Requirements prioritization challenges in practice},
  author={Lehtola, Laura and Kauppinen, Marjo and Kujala, Sari},
  booktitle={International Conference on Product Focused Software Process Improvement},
  pages={497--508},
  year={2004},
  organization={Springer}
}

@inproceedings{PM21,
  title={A systematic literature review of requirements prioritization criteria},
  author={Riegel, Norman and Doerr, Joerg},
  booktitle={International Working Conference on Requirements Engineering: Foundation for Software Quality},
  pages={300--317},
  year={2015},
  organization={Springer}
}

@article{PM22,
  title={First things first: prioritizing requirements},
  author={Wiegers, Karl},
  journal={Software Development},
  volume={7},
  number={9},
  pages={48--53},
  year={1999},
  publisher={Prentice-Hall}
}

@article{PM23,
  title={The fundamental nature of requirements engineering activities as a decision-making process},
  author={Aurum, Ayb{\"u}ke and Wohlin, Claes},
  journal={Information and Software Technology},
  volume={45},
  number={14},
  pages={945--954},
  year={2003},
  publisher={Elsevier}
}

@article{PM24,
  title={A vision-oriented approach for innovative product design},
  author={Lin, Chyun-Chau and Luh, Ding-Bang},
  journal={Advanced engineering informatics},
  volume={23},
  number={2},
  pages={191--200},
  year={2009},
  publisher={Elsevier}
}

@inproceedings{PM25,
  title={MVP explained: A systematic mapping study on the definitions of minimal viable product},
  author={Lenarduzzi, Valentina and Taibi, Davide},
  booktitle={2016 42th Euromicro Conference on Software Engineering and Advanced Applications (SEAA)},
  pages={112--119},
  year={2016},
  organization={IEEE}
}

@inproceedings{PM26,
  title={Creating minimum viable products in industry-academia collaborations},
  author={M{\"u}nch, J{\"u}rgen and Fagerholm, Fabian and Johnson, Patrik and Pirttilahti, Janne and Torkkel, Juha and J{\"a}arvinen, Janne},
  booktitle={International Conference on Lean Enterprise Software and Systems},
  pages={137--151},
  year={2013},
  organization={Springer}
}

@inproceedings{PM27,
  title={Competition and collaboration in requirements engineering: A case study of an emerging software ecosystem},
  author={Valen{\c{c}}a, George and Alves, Carina and Heimann, Virg{\'\i}nia and Jansen, Slinger and Brinkkemper, Sjaak},
  booktitle={2014 IEEE 22nd International Requirements Engineering Conference (RE)},
  pages={384--393},
  year={2014},
  organization={IEEE}
}

@article{PM28,
  title={Functional and non-functional requirements prioritization: empirical evaluation of IPA, AHP-based, and HAM-based approaches},
  author={Dabbagh, Mohammad and Lee, Sai Peck and Parizi, Reza Meimandi},
  journal={Soft Computing},
  volume={20},
  number={11},
  pages={4497--4520},
  year={2016},
  publisher={Springer}
}

@article{PM29,
  title={A systematic literature review of software requirements prioritization research},
  author={Achimugu, Philip and Selamat, Ali and Ibrahim, Roliana and Mahrin, Mohd Naz’ri},
  journal={Information and software technology},
  volume={56},
  number={6},
  pages={568--585},
  year={2014},
  publisher={Elsevier}
}

@article{PM30,
  title={Decision support for moving from a single product to a product portfolio in evolving software systems},
  author={Ullah, Muhammad Irfan and Ruhe, G{\"u}nther and Garousi, Vahid},
  journal={Journal of Systems and Software},
  volume={83},
  number={12},
  pages={2496--2512},
  year={2010},
  publisher={Elsevier}
}

@inproceedings{PM31,
  title={Exploring software product management decision problems with constraint solving-opportunities for prioritization and release planning},
  author={Regnell, Bj{\"o}rn and Kuchcinski, Krzysztof},
  booktitle={2011 Fifth International Workshop on Software Product Management (IWSPM)},
  pages={47--56},
  year={2011},
  organization={IEEE}
}

@incollection{PM32,
  title={Value visualization strategies for PSS development},
  author={Kowalkowski, Christian and Kindstr{\"o}m, Daniel},
  booktitle={Introduction to product/service-system design},
  pages={159--181},
  year={2009},
  publisher={Springer}
}