@article{BI01,
  title={Combining business intelligence with semantic web: Overview and challenges},
  author={Laborie, S{\'e}bastien and Ravat, Franck and Song, Jiefu and Teste, Olivier},
  year={2015},
  publisher={INformatique des ORganisations et Syst{\`e}mes d'Information et de D{\'e}cision~â€¦}
}

@article{BI02,
  title={Information visualization to support management decisions},
  author={Al-Kassab, Jasser and Ouertani, Zied M and Schiuma, Giovanni and Neely, Andy},
  journal={International Journal of Information Technology \& Decision Making},
  volume={13},
  number={02},
  pages={407--428},
  year={2014},
  publisher={World Scientific}
}

@article{BI03,
  title={Information visualization for intelligent decision support systems},
  author={Li, Tong and Feng, Shan and Li, Ling Xia},
  journal={Knowledge-Based Systems},
  volume={14},
  number={5-6},
  pages={259--262},
  year={2001},
  publisher={Elsevier}
}

@article{BI04,
  title={A dataflow toolkit for visualization},
  author={Dyer, D Scott},
  journal={IEEE Computer Graphics and Applications},
  volume={10},
  number={4},
  pages={60--69},
  year={1990},
  publisher={IEEE}
}

@inproceedings{BI05,
  title={A taxonomy of visualization techniques using the data state reference model},
  author={Chi, Ed Huai-hsin},
  booktitle={IEEE Symposium on Information Visualization 2000. INFOVIS 2000. Proceedings},
  pages={69--75},
  year={2000},
  organization={IEEE}
}

@article{BI06,
  title={Time stress and the processing of visual displays},
  author={Coury, Bruce G and Boulette, Margery D},
  journal={Human factors},
  volume={34},
  number={6},
  pages={707--725},
  year={1992},
  publisher={SAGE Publications Sage CA: Los Angeles, CA}
}

@article{BI07,
  title={Maps for managers: Where are we? Where do we go from here?},
  author={Fiol, C Marlene and Huff, Anne Sigismund},
  journal={Journal of management studies},
  volume={29},
  number={3},
  pages={267--285},
  year={1992},
  publisher={Wiley Online Library}
}

@article{BI08,
  title={Visualization of agreement and satisfaction in distributed prioritization of market requirements},
  author={Regnell, Bj{\"o}rn and H{\"o}st, Martin and Natt och Dag, J and Beremark, Per and Hjelm, Thomas},
  booktitle={Proceedings of 6th International Workshop on Requirements Engineering: Foundation for Software Quality},
  year={2000}
}

@article{BI09,
  title={Creating effective graphs and charts},
  author={Coles, Sue},
  journal={Industrial management \& data systems},
  year={1997},
  publisher={MCB UP Ltd}
}

@article{BI10,
  title={Choosing colors for data visualization},
  author={Stone, Maureen},
  journal={Business Intelligence Network},
  volume={2},
  year={2006}
}