@article{BR01,
  title={{SWRL}: A semantic web rule language combining {OWL} and {R}ule{ML}},
  author={Horrocks, Ian and Patel-Schneider, Peter F and Boley, Harold and Tabet, Said and Grosof, Benjamin and Dean, Mike and others},
  journal={W3C Member submission},
  volume={21},
  number={79},
  pages={1--31},
  year={2004}
}

@article{BR02,
  title={A proposal to evaluate ontology content},
  author={Almeida, Mauricio Barcellos},
  journal={Applied Ontology},
  volume={4},
  number={3-4},
  pages={245--265},
  year={2009},
  publisher={IOS Press}
}

@inproceedings{BR03,
  title={Specifying business processes by means of rules},
  author={Joosten, S and Joosten, R},
  booktitle={Proceedings European Business Rules Conference. Amsterdam},
  year={2005}
}